%YAML 1.1
%TAG !u! tag:unity3d.com,2011:
--- !u!1 &100000
GameObject:
  m_ObjectHideFlags: 0
  m_PrefabParentObject: {fileID: 0}
  m_PrefabInternal: {fileID: 100100000}
  serializedVersion: 4
  m_Component:
  - 4: {fileID: 400000}
  - 33: {fileID: 3300000}
  - 23: {fileID: 2300000}
  - 65: {fileID: 6500000}
  m_Layer: 0
  m_Name: 01_Livingroom_Speaker
  m_TagString: Untagged
  m_Icon: {fileID: 0}
  m_NavMeshLayer: 0
  m_StaticEditorFlags: 4294967293
  m_IsActive: 1
--- !u!1 &100002
GameObject:
  m_ObjectHideFlags: 0
  m_PrefabParentObject: {fileID: 0}
  m_PrefabInternal: {fileID: 100100000}
  serializedVersion: 4
  m_Component:
  - 4: {fileID: 400002}
  - 114: {fileID: 11400002}
  - 82: {fileID: 8200000}
  - 165: {fileID: 16500000}
  - 170: {fileID: 17000000}
  - 65: {fileID: 6500002}
  - 114: {fileID: 11400000}
  m_Layer: 2
  m_Name: random sound
  m_TagString: Untagged
  m_Icon: {fileID: 0}
  m_NavMeshLayer: 0
  m_StaticEditorFlags: 0
  m_IsActive: 1
--- !u!4 &400000
Transform:
  m_ObjectHideFlags: 1
  m_PrefabParentObject: {fileID: 0}
  m_PrefabInternal: {fileID: 100100000}
  m_GameObject: {fileID: 100000}
  m_LocalRotation: {x: -.584509611, y: .58450973, z: .397930294, w: -.397930235}
  m_LocalPosition: {x: -.718382835, y: -.869687319, z: 9.27251244}
  m_LocalScale: {x: 1, y: 1, z: 1}
  m_Children:
  - {fileID: 400002}
  m_Father: {fileID: 0}
  m_RootOrder: 0
--- !u!4 &400002
Transform:
  m_ObjectHideFlags: 1
  m_PrefabParentObject: {fileID: 0}
  m_PrefabInternal: {fileID: 100100000}
  m_GameObject: {fileID: 100002}
  m_LocalRotation: {x: 0, y: 0, z: 0, w: 1}
  m_LocalPosition: {x: -.105177812, y: .0362935252, z: .298089564}
  m_LocalScale: {x: 1, y: 1, z: 1}
  m_Children: []
  m_Father: {fileID: 400000}
  m_RootOrder: 0
--- !u!23 &2300000
Renderer:
  m_ObjectHideFlags: 1
  m_PrefabParentObject: {fileID: 0}
  m_PrefabInternal: {fileID: 100100000}
  m_GameObject: {fileID: 100000}
  m_Enabled: 1
  m_CastShadows: 0
  m_ReceiveShadows: 1
  m_LightmapIndex: 2
  m_LightmapTilingOffset: {x: .03515625, y: .03515625, z: .958984375, w: .536132812}
  m_Materials:
  - {fileID: 2100000, guid: 50b311506ed4a17409f94b8959206d26, type: 2}
  m_SubsetIndices: 
  m_StaticBatchRoot: {fileID: 0}
  m_UseLightProbes: 0
  m_LightProbeAnchor: {fileID: 0}
  m_ScaleInLightmap: 1
  m_SortingLayerID: 0
  m_SortingOrder: 0
--- !u!33 &3300000
MeshFilter:
  m_ObjectHideFlags: 1
  m_PrefabParentObject: {fileID: 0}
  m_PrefabInternal: {fileID: 100100000}
  m_GameObject: {fileID: 100000}
  m_Mesh: {fileID: 4300002, guid: 17e79e10df9b5cd4ab4523c180997f0a, type: 3}
--- !u!65 &6500000
BoxCollider:
  m_ObjectHideFlags: 1
  m_PrefabParentObject: {fileID: 0}
  m_PrefabInternal: {fileID: 100100000}
  m_GameObject: {fileID: 100000}
  m_Material: {fileID: 0}
  m_IsTrigger: 0
  m_Enabled: 1
  serializedVersion: 2
  m_Size: {x: .262584001, y: .22146906, z: .656458199}
  m_Center: {x: 0, y: -.020557506, z: .3282291}
--- !u!65 &6500002
BoxCollider:
  m_ObjectHideFlags: 1
  m_PrefabParentObject: {fileID: 0}
  m_PrefabInternal: {fileID: 100100000}
  m_GameObject: {fileID: 100002}
  m_Material: {fileID: 0}
  m_IsTrigger: 1
  m_Enabled: 1
  serializedVersion: 2
  m_Size: {x: 1, y: 1, z: 1}
  m_Center: {x: 0, y: 0, z: 0}
--- !u!82 &8200000
AudioSource:
  m_ObjectHideFlags: 1
  m_PrefabParentObject: {fileID: 0}
  m_PrefabInternal: {fileID: 100100000}
  m_GameObject: {fileID: 100002}
  m_Enabled: 1
  serializedVersion: 3
  m_audioClip: {fileID: 8300000, guid: f780e6a4721534460974bda4d34ec2cf, type: 3}
  m_PlayOnAwake: 0
  m_Volume: 1
  m_Pitch: 1.02999997
  Loop: 0
  Mute: 0
  Priority: 128
  DopplerLevel: 1
  MinDistance: 1
  MaxDistance: 4
  Pan2D: 0
  rolloffMode: 1
  BypassEffects: 0
  BypassListenerEffects: 0
  BypassReverbZones: 0
  rolloffCustomCurve:
    serializedVersion: 2
    m_Curve:
    - time: .00200000009
      value: .737704933
      inSlope: -500.200928
      outSlope: -500.200928
      tangentMode: 0
    - time: .00400000019
      value: .393442631
      inSlope: -125.050232
      outSlope: -125.050232
      tangentMode: 0
    - time: .00800000038
      value: .143442631
      inSlope: -31.262558
      outSlope: -31.262558
      tangentMode: 0
    - time: .0160000008
      value: .0184426308
      inSlope: -7.8156395
      outSlope: -7.8156395
      tangentMode: 0
    - time: .0320000015
      value: 0
      inSlope: -1.95390987
      outSlope: -1.95390987
      tangentMode: 0
    - time: .064000003
      value: 0
      inSlope: -.488477468
      outSlope: -.488477468
      tangentMode: 0
    - time: .128000006
      value: 0
      inSlope: -.122119367
      outSlope: -.122119367
      tangentMode: 0
    - time: .256000012
      value: 0
      inSlope: -.0305298418
      outSlope: -.0305298418
      tangentMode: 0
    - time: .512000024
      value: 0
      inSlope: -.00763246045
      outSlope: -.00763246045
      tangentMode: 0
    - time: 1
      value: 0
      inSlope: -.00200079847
      outSlope: -.00200079847
      tangentMode: 0
    m_PreInfinity: 2
    m_PostInfinity: 2
  panLevelCustomCurve:
    serializedVersion: 2
    m_Curve:
    - time: 0
      value: 0
      inSlope: 0
      outSlope: 0
      tangentMode: 0
    m_PreInfinity: 2
    m_PostInfinity: 2
  spreadCustomCurve:
    serializedVersion: 2
    m_Curve:
    - time: 0
      value: 0
      inSlope: 0
      outSlope: 0
      tangentMode: 0
    m_PreInfinity: 2
    m_PostInfinity: 2
--- !u!114 &11400000
MonoBehaviour:
  m_ObjectHideFlags: 1
  m_PrefabParentObject: {fileID: 0}
  m_PrefabInternal: {fileID: 100100000}
  m_GameObject: {fileID: 100002}
  m_Enabled: 1
  m_EditorHideFlags: 0
  m_Script: {fileID: 11500000, guid: 7e334b641b13beb42ba19300e0f2013d, type: 3}
  m_Name: 
  m_EditorClassIdentifier: 
  eventDelay: 0
  analytics:
    fireEventOnEnter: 0
    fireEventOnExit: 0
  triggerObjects: []
  sources:
  - {fileID: 11400002}
  state: 2
  repeatTrigger: 0
  fade: 0
  fadeTime: 0
  fadeToVolume: 0
  onTriggerEnter: 1
  onTriggerExit: 0
  test: 0
--- !u!114 &11400002
MonoBehaviour:
  m_ObjectHideFlags: 1
  m_PrefabParentObject: {fileID: 0}
  m_PrefabInternal: {fileID: 100100000}
  m_GameObject: {fileID: 100002}
  m_Enabled: 1
  m_EditorHideFlags: 0
  m_Script: {fileID: 11500000, guid: d146b6922daf64644862320a70e0a5db, type: 3}
  m_Name: 
  m_EditorClassIdentifier: 
  groups:
  - editor:
      foldout: 1
      selectedList: 1
      selectedType: 6
      selectedGroup: 19
      originalList: 
      originalType: 
      originalGroup: 
    audioType: 1
    list: 4678
    type: 4c6576656c3036
    group: 66785f4d6574616c6a6f696e74
    source: {fileID: 8200000}
    gameObject: {fileID: 0}
    volumeController: {}
    clipGroup:
      name: 
      path: 
      foldout: 0
      clipNames: []
    fadeVolume: {}
    isPlaying: 1
    mute: 0
    playOnAwake: 0
    loop: 0
    isFading: 0
    volume: 1
    pitch: 1.02999997
    defaultVolume: 1
    defaultPitch: 1.02999997
    isPaused: 0
  volumeRange: 0
  pitchRange: .300000012
  pauseOnTimeScale: 1
  debug: 0
--- !u!165 &16500000
AudioHighPassFilter:
  m_ObjectHideFlags: 1
  m_PrefabParentObject: {fileID: 0}
  m_PrefabInternal: {fileID: 100100000}
  m_GameObject: {fileID: 100002}
  m_Enabled: 1
  m_CutoffFrequency: 1000
  m_HighpassResonanceQ: 1
--- !u!170 &17000000
AudioDistortionFilter:
  m_ObjectHideFlags: 1
  m_PrefabParentObject: {fileID: 0}
  m_PrefabInternal: {fileID: 100100000}
  m_GameObject: {fileID: 100002}
  m_Enabled: 1
  m_DistortionLevel: .5
--- !u!1001 &100100000
Prefab:
  m_ObjectHideFlags: 1
  serializedVersion: 2
  m_Modification:
    m_TransformParent: {fileID: 0}
    m_Modifications: []
    m_RemovedComponents: []
  m_ParentPrefab: {fileID: 0}
  m_RootGameObject: {fileID: 100000}
  m_IsPrefabParent: 1
  m_IsExploded: 1
