%YAML 1.1
%TAG !u! tag:unity3d.com,2011:
--- !u!1 &100000
GameObject:
  m_ObjectHideFlags: 0
  m_PrefabParentObject: {fileID: 0}
  m_PrefabInternal: {fileID: 100100000}
  serializedVersion: 4
  m_Component:
  - 4: {fileID: 400000}
  - 65: {fileID: 6500000}
  m_Layer: 16
  m_Name: Collider back
  m_TagString: Untagged
  m_Icon: {fileID: 0}
  m_NavMeshLayer: 0
  m_StaticEditorFlags: 0
  m_IsActive: 1
--- !u!1 &100002
GameObject:
  m_ObjectHideFlags: 0
  m_PrefabParentObject: {fileID: 0}
  m_PrefabInternal: {fileID: 100100000}
  serializedVersion: 4
  m_Component:
  - 4: {fileID: 400002}
  - 65: {fileID: 6500002}
  m_Layer: 16
  m_Name: Collider back
  m_TagString: Untagged
  m_Icon: {fileID: 0}
  m_NavMeshLayer: 0
  m_StaticEditorFlags: 0
  m_IsActive: 1
--- !u!1 &100004
GameObject:
  m_ObjectHideFlags: 0
  m_PrefabParentObject: {fileID: 0}
  m_PrefabInternal: {fileID: 100100000}
  serializedVersion: 4
  m_Component:
  - 4: {fileID: 400004}
  - 65: {fileID: 6500004}
  m_Layer: 16
  m_Name: Collider back
  m_TagString: Untagged
  m_Icon: {fileID: 0}
  m_NavMeshLayer: 0
  m_StaticEditorFlags: 0
  m_IsActive: 1
--- !u!1 &100006
GameObject:
  m_ObjectHideFlags: 0
  m_PrefabParentObject: {fileID: 0}
  m_PrefabInternal: {fileID: 100100000}
  serializedVersion: 4
  m_Component:
  - 4: {fileID: 400006}
  - 65: {fileID: 6500006}
  m_Layer: 16
  m_Name: Collider
  m_TagString: Untagged
  m_Icon: {fileID: 0}
  m_NavMeshLayer: 0
  m_StaticEditorFlags: 0
  m_IsActive: 1
--- !u!1 &100008
GameObject:
  m_ObjectHideFlags: 0
  m_PrefabParentObject: {fileID: 0}
  m_PrefabInternal: {fileID: 100100000}
  serializedVersion: 4
  m_Component:
  - 4: {fileID: 400008}
  - 65: {fileID: 6500008}
  m_Layer: 16
  m_Name: Collider
  m_TagString: Untagged
  m_Icon: {fileID: 0}
  m_NavMeshLayer: 0
  m_StaticEditorFlags: 0
  m_IsActive: 1
--- !u!1 &100010
GameObject:
  m_ObjectHideFlags: 0
  m_PrefabParentObject: {fileID: 0}
  m_PrefabInternal: {fileID: 100100000}
  serializedVersion: 4
  m_Component:
  - 4: {fileID: 400010}
  - 65: {fileID: 6500010}
  m_Layer: 16
  m_Name: Collider
  m_TagString: Untagged
  m_Icon: {fileID: 0}
  m_NavMeshLayer: 0
  m_StaticEditorFlags: 0
  m_IsActive: 1
--- !u!1 &100012
GameObject:
  m_ObjectHideFlags: 0
  m_PrefabParentObject: {fileID: 0}
  m_PrefabInternal: {fileID: 100100000}
  serializedVersion: 4
  m_Component:
  - 4: {fileID: 400012}
  - 65: {fileID: 6500012}
  m_Layer: 16
  m_Name: Collider leg
  m_TagString: Untagged
  m_Icon: {fileID: 0}
  m_NavMeshLayer: 0
  m_StaticEditorFlags: 0
  m_IsActive: 1
--- !u!1 &100014
GameObject:
  m_ObjectHideFlags: 0
  m_PrefabParentObject: {fileID: 0}
  m_PrefabInternal: {fileID: 100100000}
  serializedVersion: 4
  m_Component:
  - 4: {fileID: 400014}
  - 65: {fileID: 6500014}
  m_Layer: 16
  m_Name: Collider leg
  m_TagString: Untagged
  m_Icon: {fileID: 0}
  m_NavMeshLayer: 0
  m_StaticEditorFlags: 0
  m_IsActive: 1
--- !u!1 &100016
GameObject:
  m_ObjectHideFlags: 0
  m_PrefabParentObject: {fileID: 0}
  m_PrefabInternal: {fileID: 100100000}
  serializedVersion: 4
  m_Component:
  - 4: {fileID: 400016}
  - 65: {fileID: 6500016}
  m_Layer: 16
  m_Name: Collider leg
  m_TagString: Untagged
  m_Icon: {fileID: 0}
  m_NavMeshLayer: 0
  m_StaticEditorFlags: 0
  m_IsActive: 1
--- !u!1 &100018
GameObject:
  m_ObjectHideFlags: 0
  m_PrefabParentObject: {fileID: 0}
  m_PrefabInternal: {fileID: 100100000}
  serializedVersion: 4
  m_Component:
  - 4: {fileID: 400018}
  - 65: {fileID: 6500018}
  m_Layer: 16
  m_Name: Collider leg
  m_TagString: Untagged
  m_Icon: {fileID: 0}
  m_NavMeshLayer: 0
  m_StaticEditorFlags: 0
  m_IsActive: 1
--- !u!1 &100020
GameObject:
  m_ObjectHideFlags: 0
  m_PrefabParentObject: {fileID: 0}
  m_PrefabInternal: {fileID: 100100000}
  serializedVersion: 4
  m_Component:
  - 4: {fileID: 400020}
  - 65: {fileID: 6500020}
  m_Layer: 16
  m_Name: Collider
  m_TagString: Untagged
  m_Icon: {fileID: 0}
  m_NavMeshLayer: 0
  m_StaticEditorFlags: 0
  m_IsActive: 1
--- !u!1 &100022
GameObject:
  m_ObjectHideFlags: 0
  m_PrefabParentObject: {fileID: 0}
  m_PrefabInternal: {fileID: 100100000}
  serializedVersion: 4
  m_Component:
  - 4: {fileID: 400022}
  - 33: {fileID: 3300022}
  - 23: {fileID: 2300022}
  - 54: {fileID: 5400000}
  - 114: {fileID: 11400002}
  - 114: {fileID: 11400000}
  m_Layer: 16
  m_Name: 01_DIV_Chair2_Static
  m_TagString: Untagged
  m_Icon: {fileID: 0}
  m_NavMeshLayer: 0
  m_StaticEditorFlags: 0
  m_IsActive: 1
--- !u!4 &400000
Transform:
  m_ObjectHideFlags: 1
  m_PrefabParentObject: {fileID: 0}
  m_PrefabInternal: {fileID: 100100000}
  m_GameObject: {fileID: 100000}
  m_LocalRotation: {x: -.777307034, y: -.106052019, z: .136264756, w: .604961812}
  m_LocalPosition: {x: -.182336584, y: .19850421, z: .730015635}
  m_LocalScale: {x: .166599393, y: .488044828, z: .0381899923}
  m_Children: []
  m_Father: {fileID: 400022}
  m_RootOrder: 10
--- !u!4 &400002
Transform:
  m_ObjectHideFlags: 1
  m_PrefabParentObject: {fileID: 0}
  m_PrefabInternal: {fileID: 100100000}
  m_GameObject: {fileID: 100002}
  m_LocalRotation: {x: -.775846243, y: .112344407, z: -.144349754, w: .603824914}
  m_LocalPosition: {x: .155119181, y: .206110239, z: .728086591}
  m_LocalScale: {x: .125421181, y: .488044828, z: .0381899923}
  m_Children: []
  m_Father: {fileID: 400022}
  m_RootOrder: 9
--- !u!4 &400004
Transform:
  m_ObjectHideFlags: 1
  m_PrefabParentObject: {fileID: 0}
  m_PrefabInternal: {fileID: 100100000}
  m_GameObject: {fileID: 100004}
  m_LocalRotation: {x: -.789160252, y: 0, z: 0, w: .61418736}
  m_LocalPosition: {x: .00093626976, y: .226297617, z: .722963691}
  m_LocalScale: {x: .234372318, y: .488044679, z: .0381902121}
  m_Children: []
  m_Father: {fileID: 400022}
  m_RootOrder: 8
--- !u!4 &400006
Transform:
  m_ObjectHideFlags: 1
  m_PrefabParentObject: {fileID: 0}
  m_PrefabInternal: {fileID: 100100000}
  m_GameObject: {fileID: 100006}
  m_LocalRotation: {x: 5.96047371e-08, y: 7.76101047e-07, z: -.707105756, w: .707107902}
  m_LocalPosition: {x: -.172498941, y: -.0154667804, z: .247564062}
  m_LocalScale: {x: .362206906, y: .0205009989, z: .0254369956}
  m_Children: []
  m_Father: {fileID: 400022}
  m_RootOrder: 7
--- !u!4 &400008
Transform:
  m_ObjectHideFlags: 1
  m_PrefabParentObject: {fileID: 0}
  m_PrefabInternal: {fileID: 100100000}
  m_GameObject: {fileID: 100008}
  m_LocalRotation: {x: 1.32051611e-07, y: 1.59996532e-07, z: -.707105994, w: .707107604}
  m_LocalPosition: {x: .173748255, y: -.0154672572, z: .247563496}
  m_LocalScale: {x: .362206995, y: .0205009524, z: .0254369993}
  m_Children: []
  m_Father: {fileID: 400022}
  m_RootOrder: 6
--- !u!4 &400010
Transform:
  m_ObjectHideFlags: 1
  m_PrefabParentObject: {fileID: 0}
  m_PrefabInternal: {fileID: 100100000}
  m_GameObject: {fileID: 100010}
  m_LocalRotation: {x: 8.42936956e-08, y: 0, z: 0, w: 1}
  m_LocalPosition: {x: 0, y: -.0328398682, z: .247561336}
  m_LocalScale: {x: .370364457, y: .0325943865, z: .0254369993}
  m_Children: []
  m_Father: {fileID: 400022}
  m_RootOrder: 5
--- !u!4 &400012
Transform:
  m_ObjectHideFlags: 1
  m_PrefabParentObject: {fileID: 0}
  m_PrefabInternal: {fileID: 100100000}
  m_GameObject: {fileID: 100012}
  m_LocalRotation: {x: .0251177233, y: .0531327128, z: .998262703, w: .00419211946}
  m_LocalPosition: {x: -.17256403, y: -.200919732, z: .242680162}
  m_LocalScale: {x: .0319220014, y: .0315439999, z: .487911999}
  m_Children: []
  m_Father: {fileID: 400022}
  m_RootOrder: 3
--- !u!4 &400014
Transform:
  m_ObjectHideFlags: 1
  m_PrefabParentObject: {fileID: 0}
  m_PrefabInternal: {fileID: 100100000}
  m_GameObject: {fileID: 100014}
  m_LocalRotation: {x: .0254252274, y: -.0560148098, z: .998105168, w: .00142959727}
  m_LocalPosition: {x: -.17256403, y: .166343153, z: .242690697}
  m_LocalScale: {x: .0319220051, y: .0315440036, z: .487911969}
  m_Children: []
  m_Father: {fileID: 400022}
  m_RootOrder: 4
--- !u!4 &400016
Transform:
  m_ObjectHideFlags: 1
  m_PrefabParentObject: {fileID: 0}
  m_PrefabInternal: {fileID: 100100000}
  m_GameObject: {fileID: 100016}
  m_LocalRotation: {x: -.00598848844, y: -.0612224564, z: .86367029, w: .500289619}
  m_LocalPosition: {x: .174081087, y: .166343629, z: .242686793}
  m_LocalScale: {x: .0319220014, y: .0315439999, z: .487911999}
  m_Children: []
  m_Father: {fileID: 400022}
  m_RootOrder: 2
--- !u!4 &400018
Transform:
  m_ObjectHideFlags: 1
  m_PrefabParentObject: {fileID: 0}
  m_PrefabInternal: {fileID: 100100000}
  m_GameObject: {fileID: 100018}
  m_LocalRotation: {x: -.0560147129, y: -.0254246984, z: -.00142686476, w: .998105228}
  m_LocalPosition: {x: .174080849, y: -.200919732, z: .242674381}
  m_LocalScale: {x: .0319217332, y: .031544283, z: .487911463}
  m_Children: []
  m_Father: {fileID: 400022}
  m_RootOrder: 1
--- !u!4 &400020
Transform:
  m_ObjectHideFlags: 1
  m_PrefabParentObject: {fileID: 0}
  m_PrefabInternal: {fileID: 100100000}
  m_GameObject: {fileID: 100020}
  m_LocalRotation: {x: 0, y: 0, z: 0, w: 1}
  m_LocalPosition: {x: 0, y: -.0328394733, z: .483382732}
  m_LocalScale: {x: .429408431, y: .476392418, z: .028349204}
  m_Children: []
  m_Father: {fileID: 400022}
  m_RootOrder: 0
--- !u!4 &400022
Transform:
  m_ObjectHideFlags: 1
  m_PrefabParentObject: {fileID: 0}
  m_PrefabInternal: {fileID: 100100000}
  m_GameObject: {fileID: 100022}
  m_LocalRotation: {x: -.392104298, y: .588433743, z: .588433623, w: .392104387}
  m_LocalPosition: {x: -.469938755, y: .00836640596, z: 6.23936033}
  m_LocalScale: {x: 1, y: 1, z: 1}
  m_Children:
  - {fileID: 400020}
  - {fileID: 400018}
  - {fileID: 400016}
  - {fileID: 400012}
  - {fileID: 400014}
  - {fileID: 400010}
  - {fileID: 400008}
  - {fileID: 400006}
  - {fileID: 400004}
  - {fileID: 400002}
  - {fileID: 400000}
  m_Father: {fileID: 0}
  m_RootOrder: 0
--- !u!23 &2300022
Renderer:
  m_ObjectHideFlags: 1
  m_PrefabParentObject: {fileID: 0}
  m_PrefabInternal: {fileID: 100100000}
  m_GameObject: {fileID: 100022}
  m_Enabled: 1
  m_CastShadows: 1
  m_ReceiveShadows: 1
  m_LightmapIndex: 255
  m_LightmapTilingOffset: {x: 1, y: 1, z: 0, w: 0}
  m_Materials:
  - {fileID: 2100000, guid: 90c649f847060cc4c9ae93ddb4c9c54f, type: 2}
  m_SubsetIndices: 
  m_StaticBatchRoot: {fileID: 0}
  m_UseLightProbes: 1
  m_LightProbeAnchor: {fileID: 0}
  m_ScaleInLightmap: 1
  m_SortingLayerID: 0
  m_SortingOrder: 0
--- !u!33 &3300022
MeshFilter:
  m_ObjectHideFlags: 1
  m_PrefabParentObject: {fileID: 0}
  m_PrefabInternal: {fileID: 100100000}
  m_GameObject: {fileID: 100022}
  m_Mesh: {fileID: 4300002, guid: 1e84db276cf54244a905ee8c88c54ca9, type: 3}
--- !u!54 &5400000
Rigidbody:
  m_ObjectHideFlags: 1
  m_PrefabParentObject: {fileID: 0}
  m_PrefabInternal: {fileID: 100100000}
  m_GameObject: {fileID: 100022}
  serializedVersion: 2
  m_Mass: 10
  m_Drag: 0
  m_AngularDrag: .0500000007
  m_UseGravity: 1
  m_IsKinematic: 0
  m_Interpolate: 0
  m_Constraints: 80
  m_CollisionDetection: 0
--- !u!65 &6500000
BoxCollider:
  m_ObjectHideFlags: 1
  m_PrefabParentObject: {fileID: 0}
  m_PrefabInternal: {fileID: 100100000}
  m_GameObject: {fileID: 100000}
  m_Material: {fileID: 0}
  m_IsTrigger: 0
  m_Enabled: 1
  serializedVersion: 2
  m_Size: {x: .763438404, y: .999999106, z: 1}
  m_Center: {x: .118261859, y: -4.81198549e-06, z: -1.22303927e-05}
--- !u!65 &6500002
BoxCollider:
  m_ObjectHideFlags: 1
  m_PrefabParentObject: {fileID: 0}
  m_PrefabInternal: {fileID: 100100000}
  m_GameObject: {fileID: 100002}
  m_Material: {fileID: 0}
  m_IsTrigger: 0
  m_Enabled: 1
  serializedVersion: 2
  m_Size: {x: 1, y: 1, z: 1}
  m_Center: {x: 0, y: 0, z: 0}
--- !u!65 &6500004
BoxCollider:
  m_ObjectHideFlags: 1
  m_PrefabParentObject: {fileID: 0}
  m_PrefabInternal: {fileID: 100100000}
  m_GameObject: {fileID: 100004}
  m_Material: {fileID: 0}
  m_IsTrigger: 0
  m_Enabled: 1
  serializedVersion: 2
  m_Size: {x: 1, y: 1, z: 1}
  m_Center: {x: 0, y: 0, z: 0}
--- !u!65 &6500006
BoxCollider:
  m_ObjectHideFlags: 1
  m_PrefabParentObject: {fileID: 0}
  m_PrefabInternal: {fileID: 100100000}
  m_GameObject: {fileID: 100006}
  m_Material: {fileID: 0}
  m_IsTrigger: 0
  m_Enabled: 1
  serializedVersion: 2
  m_Size: {x: 1, y: 1, z: 1}
  m_Center: {x: 0, y: 0, z: 0}
--- !u!65 &6500008
BoxCollider:
  m_ObjectHideFlags: 1
  m_PrefabParentObject: {fileID: 0}
  m_PrefabInternal: {fileID: 100100000}
  m_GameObject: {fileID: 100008}
  m_Material: {fileID: 0}
  m_IsTrigger: 0
  m_Enabled: 1
  serializedVersion: 2
  m_Size: {x: 1, y: 1, z: 1}
  m_Center: {x: 0, y: 0, z: 0}
--- !u!65 &6500010
BoxCollider:
  m_ObjectHideFlags: 1
  m_PrefabParentObject: {fileID: 0}
  m_PrefabInternal: {fileID: 100100000}
  m_GameObject: {fileID: 100010}
  m_Material: {fileID: 0}
  m_IsTrigger: 0
  m_Enabled: 1
  serializedVersion: 2
  m_Size: {x: 1, y: 1, z: 1}
  m_Center: {x: 0, y: 0, z: 0}
--- !u!65 &6500012
BoxCollider:
  m_ObjectHideFlags: 1
  m_PrefabParentObject: {fileID: 0}
  m_PrefabInternal: {fileID: 100100000}
  m_GameObject: {fileID: 100012}
  m_Material: {fileID: 0}
  m_IsTrigger: 0
  m_Enabled: 1
  serializedVersion: 2
  m_Size: {x: 1, y: 1, z: 1}
  m_Center: {x: 0, y: 0, z: 0}
--- !u!65 &6500014
BoxCollider:
  m_ObjectHideFlags: 1
  m_PrefabParentObject: {fileID: 0}
  m_PrefabInternal: {fileID: 100100000}
  m_GameObject: {fileID: 100014}
  m_Material: {fileID: 0}
  m_IsTrigger: 0
  m_Enabled: 1
  serializedVersion: 2
  m_Size: {x: 1, y: 1, z: 1}
  m_Center: {x: 0, y: 0, z: 0}
--- !u!65 &6500016
BoxCollider:
  m_ObjectHideFlags: 1
  m_PrefabParentObject: {fileID: 0}
  m_PrefabInternal: {fileID: 100100000}
  m_GameObject: {fileID: 100016}
  m_Material: {fileID: 0}
  m_IsTrigger: 0
  m_Enabled: 1
  serializedVersion: 2
  m_Size: {x: 1, y: 1, z: 1}
  m_Center: {x: 0, y: 0, z: 0}
--- !u!65 &6500018
BoxCollider:
  m_ObjectHideFlags: 1
  m_PrefabParentObject: {fileID: 0}
  m_PrefabInternal: {fileID: 100100000}
  m_GameObject: {fileID: 100018}
  m_Material: {fileID: 0}
  m_IsTrigger: 0
  m_Enabled: 1
  serializedVersion: 2
  m_Size: {x: 1, y: 1, z: 1}
  m_Center: {x: 0, y: 0, z: 0}
--- !u!65 &6500020
BoxCollider:
  m_ObjectHideFlags: 1
  m_PrefabParentObject: {fileID: 0}
  m_PrefabInternal: {fileID: 100100000}
  m_GameObject: {fileID: 100020}
  m_Material: {fileID: 0}
  m_IsTrigger: 0
  m_Enabled: 1
  serializedVersion: 2
  m_Size: {x: 1, y: 1, z: 1}
  m_Center: {x: 0, y: 0, z: 0}
--- !u!114 &11400000
MonoBehaviour:
  m_ObjectHideFlags: 1
  m_PrefabParentObject: {fileID: 0}
  m_PrefabInternal: {fileID: 100100000}
  m_GameObject: {fileID: 100022}
  m_Enabled: 1
  m_EditorHideFlags: 0
  m_Script: {fileID: 11500000, guid: 10e71bf2dec64394e99967fa36c00f6b, type: 3}
  m_Name: 
  m_EditorClassIdentifier: 
  tags: 3
--- !u!114 &11400002
MonoBehaviour:
  m_ObjectHideFlags: 1
  m_PrefabParentObject: {fileID: 0}
  m_PrefabInternal: {fileID: 100100000}
  m_GameObject: {fileID: 100022}
  m_Enabled: 1
  m_EditorHideFlags: 0
  m_Script: {fileID: 11500000, guid: c473a27f705a67943ab0d6a17740dd7b, type: 3}
  m_Name: 
  m_EditorClassIdentifier: 
  managerOnly: 0
  materialHit: 44656661756c74
  listType: 4f626a65637473
  selectedListID: 0
  objectType: 6f626a5f626f78776f6f64
  selectedTypeID: 31
  useCollision: 0
  collisionFoldout: 1
  minCollisionMagnitude: .200000003
  collisionSound:
    group: 0
    wait: .100000001
    pitch: 1
    maxVolume: 1
    maxAudioSourceDistance: 20
  useSwipe: 1
  swipeFoldout: 1
  swipeSound:
    group: 1
    wait: .100000001
    pitch: 1
    maxVolume: 1
    maxAudioSourceDistance: 20
--- !u!1001 &100100000
Prefab:
  m_ObjectHideFlags: 1
  serializedVersion: 2
  m_Modification:
    m_TransformParent: {fileID: 0}
    m_Modifications: []
    m_RemovedComponents: []
  m_ParentPrefab: {fileID: 0}
  m_RootGameObject: {fileID: 100022}
  m_IsPrefabParent: 1
  m_IsExploded: 1
